@article{karaboga2011novel,
  title={A novel clustering approach: Artificial Bee Colony (ABC) algorithm},
  author={Karaboga, Dervis and Ozturk, Celal},
  journal={Applied soft computing},
  volume={11},
  number={1},
  pages={652--657},
  year={2011},
  publisher={Elsevier}
}


@article{Karaboga2005,
author = {Karaboga, D},
mendeley-groups = {ABC},
title = {{An idea based on honey bee swarm for numerical optimization}},
url = {https://pdfs.semanticscholar.org/015d/f4d97ed1f541752842c49d12e429a785460b.pdf},
year = {2005}
}

@Manual{ABCoptim,
title = {{ABCoptim}: An implementation of the Artificial Bee Colony ({ABC}) Algorithm},
author = {George {Vega Yon} and Enyelbert Mu√±oz},
year = {2017},
note = {R package version 0.15.0},
url = {https://github.com/gvegayon/ABCoptim},
}

@inproceedings{pacurib2009solving,
  title={Solving sudoku puzzles using improved artificial bee colony algorithm},
  author={Pacurib, Jaysonne A and Seno, Glaiza Mae M and Yusiong, John Paul T},
  booktitle={2009 fourth international conference on innovative computing, information and control (ICICIC)},
  pages={885--888},
  year={2009},
  organization={IEEE}
}

@inproceedings{akay2009parameter,
  title={Parameter tuning for the artificial bee colony algorithm},
  author={Akay, Bahriye and Karaboga, Dervis},
  booktitle={International Conference on Computational Collective Intelligence},
  pages={608--619},
  year={2009},
  organization={Springer}
}